@article{chen:ibra:sinh:1999,
    author  = "M.H. Chen and J. Ibrahim and D. Sinha",
    title   = "A {N}ew {B}ayesian {M}odel for {S}urvival {D}ata with a {S}urviving {F}raction",
    year    = "1999",
    journal = "{J}ournal of the {A}merican {S}tatistical {A}ssociation",
    volume  = "94",
    pages   = "909--919"
}

@article{seer:database:2013,
     Author = "Surveillance, Epidemiology and End Results (SEER) Program (www.seer.cancer.gov) SEER*Stat",
     Title = "Total U.S., 1969-2010 Counties, National Cancer Institute, DCCPS,Surveillance Research Program, Surveillance Systems Branch",
     Year="2013",
     Journal = "Incidence - SEER 17 Regs Research Data, Nov 2011 Sub (1973-2010), Katrina/Rita Population Adjustment, Linked To County Attributes "
}

@article{berk:gage:1952,
     AUTHOR = "J. Berkson and R. P. Gage",
     TITLE = "Survival Curve for Cancer Patients Following Treatment",
     YEAR = "1952",
     JOURNAL = "{J}ournal of the {A}merican {S}tatistical {A}ssociation",
     VOLUME = "47",
     PAGES = "501--515"
      }
@article{smoll:2012,
	 AUTHOR = "Nicolas R. Smoll and Karl Schaller and Oliver P. Gautschi",
     TITLE = "The Cure Fraction of {G}lioblastoma {M}ultiforme",
     YEAR = "2012",
     JOURNAL = "Neuroepidemiology",
     VOLUME = "39",
     PAGES = "63--69"    
     }
@book{gelf:1992,
     AUTHOR = "A. Gelfand and D. Dey and H. Chang",
     TITLE = "Model Determination using predictive distributions with implementation via sampling based methods(with discussion)",
      YEAR = "1992",
     PUBLISHER = "Oxford {U}niversity {P}ress",
     EDITOR= "Bernardo J.M. and Berger J.O. and Dawid A.P. and Smith A. FM.",
     EDITION = "1(4)",
     PAGES = "7--167"
         }
@article{geisser:1979,
     AUTHOR = "S. Geisser and  W. Eddy",
     TITLE = "A predictive approach to model selection",
     YEAR = "1979",
     JOURNAL = "{J}ournal of the {A}merican {S}tatistical {A}ssociation",
     VOLUME = "74",
     PAGES = "153--160"     
     }
@article{dey:1997,
     AUTHOR = "D. Dey and M. Chen and H. Chang",
     TITLE = "Bayesian approach for nonlinear random effects models",
     YEAR = "1997",
     JOURNAL = "Biometrics",
     VOLUME = "53",
     PAGES = "1239--1252"
     }
@article{spiegelhalter:2002,
     AUTHOR = "D. J. Spiegelhalter and N. G. Best and B. P. Carlin and  A. Van Der Linde",
     TITLE = "Bayesian measures of model complexity and fit",
     YEAR = "2002",
     JOURNAL = "Journal of {R}oyal {S}tatistical {S}ociety {B}",
     VOLUME = "64",
     PAGES = "583--639"
      }
@article{farewell:1982,
     AUTHOR = "V. T. Farewell ",
     TITLE = "The use of mixture models for the analysis of survival data with long-term survivors",
     YEAR = "1982",
     JOURNAL = "Biometrics",
     VOLUME = "38",
     PAGES = "1041--1046"
     }
@article{kuk:chen:1992,
     AUTHOR = "A. Y. C. Kuk and M. H. Chen",
     TITLE = "A mixture model combining logistic regression with proportional hazards regression",
     YEAR = "1992",
     JOURNAL = "Biometrika",
     VOLUME = "79",
     PAGES = "731--739"
     }
@article{maller:zhou:1996,
     AUTHOR = "R. Maller and X. Zhou",
     TITLE = "Survival analysis with long-term survivors",
     YEAR = "1996",
     JOURNAL = "John Wiley and Sons, New York"
     }
@article{sy:taylor:2000,
     AUTHOR = "J. P. Sy and J. M. G. Taylor",
     TITLE = "Estimation in a Cox proportional hazards cure model",
     YEAR = "2000",
     JOURNAL = "Biometrics",
     VOLUME = "56",
     PAGES = "227--236"
     }

@Book{junk:patz:2013,
     AUTHOR = "B. W. Junker and R. J. Patz and N. VanHoudnos",
     TITLE = "Handbook of model item response theory",
	 YEAR = "2013",
     PUBLISHER = "Chapman and {H}all/{CRC}",
     EDITOR = "Invited chapter for W. J. van der Linden & R. K. Hambleton" ,
     CHAPTER = " Markov chain monte carlo for item response models"
     }
     

@Book{castillo:hadi:2004,
     AUTHOR = "E. Castillo and A. S. Hadi and N. Balakrishnan and J.M. Sarabia",
     TITLE = "Extreme {V}alue and {R}elated [M}odels with {A}pplications in {E}ngineering and {S}cience",
     YEAR = "2004",
     PUBLISHER = "Wiley {S}eries in {P}robability and {S}tatistics"
          }

@article{roy:dey:2014,
     AUTHOR = "V. Roy and D. Dey",
     TITLE = "Propriety of Posterior Distributions Arising in Catgorical and Survival Models under generalized extreme value distribution",
     YEAR = "2014",
     JOURNAL = "Statistica {S}inica",
     VOLUME = "2",
     PAGES = "699--722"
     }
@article{smith:1985,
	 AUTHOR = "R.L. Smith",
	 TITLE = "Maximum likelihood estimation in a class of non-regular cases",
	 YEAR = "1985",
	 JOURNAL = "Biometrika", 
	 VOLUME = "72",
	 PAGES = "67--90" 
	 }
@article{castillo:1997,
	 AUTHOR = "E. Castillo and A.S. Hadi",
	 TITLE = "{Fitting Generalized Pareto Distribution to Data}",
	 YEAR = "1997",
	 JOURNAL = "Journal of {A}merican {S}tatistical {A}ssociation", 
	 VOLUME = "92",
	 PAGES = "1609--1620" 
	 }
	 	 
@article{mudholkar:srivastava:1993,
     AUTHOR = "G.S. Mudholkar and D.K. Srivastava ",
     TITLE = "Exponentiated {W}eibull family for analyzing bathtub failure-rate data",
     YEAR = "1993",
     JOURNAL = "Reliability, {IEEE T}ransactions",
     VOLUME = "42",
     ISSUE = "2",
     PAGES = "299--302"
     }

@article{peng:dear:2000,
     AUTHOR = "Y. Peng and K. B. J. Dear",
     TITLE = "A nonparametric mixture model for cure rate estimation",
     YEAR = "2000",
     JOURNAL = "Biometrics",
     VOLUME = "56",
     PAGES = "237--243"
     }
        
@Book{Lawless,
     AUTHOR = "Lawless J.F.",
     TITLE = "Statistical {M}odels and {M}ethods for {L}ifetime {D}ata ",
     YEAR = "1982",
     PUBLISHER = "John {W}iley and {S}ons"
     }
@article{roy:roy:dey:2013,
     AUTHOR = "D. Roy and V. Roy and D. Dey",
     TITLE = "Analysis of survival data with a cure fraction under generalized extreme value distribution",
     YEAR = "2013",
     JOURNAL = "Tech. {R}eport 49, {D}epartment of {S}tatistics, {U}niversity of "C"onnecticut"
     }
%@article{danish:2012,
%     AUTHOR = "M. Stephanie van den Berg and Hjelmborg vB. Jacob",
%     TITLE = "Genetic Analysis of Rare Disorders: Bayesian Estimation of Twin Concordance Rates",
%     JOURNAL = "Behavior Genetics",
%     YEAR = 2012,
%     }
%@article{danish:2013,
%     AUTHOR = "I. E. Christophersen and E. Budtz-Jørgensen and S Morten Olesen and S. Haunsø and K. Christensen and J. H. Svendsen",
%     TITLE = "Familial atrial fibrillation predicts increased risk of mortality: A study in Danish twins",
%     JOURNAL = "Arrhythmia Electrophysiology",
%     YEAR = 2013,
%     }

%@article{roy:2014,
%     AUTHOR = "V. Roy",
%     TITLE = "Efficient Estimation of the link function parameter in a robust bayesian binary regression model",
%     JOURNAL = "Computational Statistics and Data Analysis",
%     VOLUME = 73,
%     PAGES = "87-102",
%     YEAR = 2014,
%     }
%@article{huster:brookmeyer:self:1989,
%     AUTHOR = "W. J. Huster and R. Brookmeyer and S.G. Self",
%     TITLE = "Modelling Paired Survival Data with Covariates",
%     JOURNAL = "Biometrics",
%     VOLUME = 45,
%     PAGES = "145-156",
%     YEAR = 1989,
%     }
%@article{sahu:dey:2000,
%     AUTHOR = "S.K. Sahu and D. Dey",
%     TITLE = "A Comparison of Frailty and Other Models for Bivariate Survival Data",
%     JOURNAL = "Lifetime Data Analysis",
%     VOLUME = 6,
%     PAGES = "207-228",
%     YEAR = 2000,
%     }
%@article{shih:louis:1995,
%     AUTHOR = "J.H. Shih and T.A. Louis",
%     TITLE = "Inferences on the Association Parameter in Copula Models for Bivariate Survival Data",
%     JOURNAL = "Biometrics",
%     VOLUME = 51,
%     PAGES = "1384-1399",
%     YEAR = 1995,
%     }
%@article{clayton:1978,
%     AUTHOR = "D.G. Clayton",
%     TITLE = "A Model for association in bivariate life tables and its application in epidemiological studies of familial tendency in chronic disease coincidence",
%     JOURNAL = "Biometrika",
%     VOLUME = 65,
%     PAGES = "141-151",
%     YEAR = 1978,
%     }
%@article{nelson:1986,
%     AUTHOR = "R.B. Nelson",
%     TITLE = "Properties of a one-parameter family of bivariate distributions with specified marginals",
%     JOURNAL = "Communications in Statistics, Part A",
%     VOLUME = 153,
%     PAGES = "3277-3285",
%     YEAR = 1986,
%     }
%@book{nelson:1999,
%     AUTHOR = "R.B. Nelson",
%     TITLE = "An Introduction to Copulas",
%     Publisher = "Springer",
%     YEAR = 1986,
%     }
