@article{chen:ibra:sinh:2002,
    author  = "M.H. Chen and J. Ibrahim and D. Sinha",
    title   = "{B}ayesian {I}nference for {M}ultivariate {S}urvival {D}ata with a {C}ure {F}raction",
    year    = "2002",
    journal = "{J}ournal of {M}ultivariate {A}nalysis",
    volume  = "80",
    pages   = "101--126"
}
@book{th:gram:2000,
	 author = " T.M. Therneau and P. Grambsch",
	 title = "Modeling survival data: extending the {C}ox model",
	 year = "2000",
	 publisher = "Springer, {N}ew {Y}ork, {NY}",
	 }
@article{roy:2014,
     author = "V. Roy",
     title = "{E}fficient {E}stimation of the link function parameter in a robust {B}ayesian binary regression model",
     journal = "{C}omputational {S}tatistics and {D}ata {A}nalysis",
     year = "2014",
     volume = "73",
     pages = "87--102"
     }
@article{roy:dey:2014,
     author = "V. Roy and D. Dey",
     title = "Propriety of {P}osterior {D}istributions arising in {C}atgorical and {S}urvival {M}odels under generalized extreme value distribution",
     year = "2014",
     journal = "Statistica {S}inica",
     volume = "2",
     pages = "699--722"
     }
@article{roy:zhu:2014,
	 author = "V. Roy and E. Evangelou and Z. Zhu",
	 title = "Efficient estimation and prediction for the {B}ayesian binary spatial model with flexible link functions",
	 journal = "Techical {R}eport, {I}owa {S}tate {U}niversity",
	 year = "2014"
	 }
@article{huster:brookmeyer:self:1989,
     author = "W. J. Huster and R. Brookmeyer and S.G. Self",
     title = "Modelling {P}aired {S}urvival {D}ata with {C}ovariates",
     journal = "Biometrics",
     year = "1989",
     volume = "45",
     pages = "145--156"     
     }
@article{sahu:dey:2000,
     author = "S.K. Sahu and D. Dey",
     title = "A {C}omparison of {F}railty and {O}ther {M}odels for {B}ivariate {S}urvival {D}ata",
     journal = "Lifetime {D}ata {A}nalysis",
     year = "2000",
     volume = "6",
     pages= "207--228"     
     }
@article{shih:louis:1995,
     author = "J.H. Shih and T.A. Louis",
     title = "Inferences on the {A}ssociation {P}arameter in {C}opula {M}odels for {B}ivariate {S}urvival {D}ata",
     journal = "Biometrics",
     year = "1995",
     volume = "51",
     pages= "1384--1399"
     }
@article{clayton:1978,
     author = "D.G. Clayton",
     title = "A {M}odel for association in bivariate life tables and its application in epidemiological studies of familial tendency in chronic disease coincidence",
     journal = "Biometrika",
     year = "1978",
     volume = "65",
     pages = "141--151"
     }
@article{nelson:1986,
     author = "R.B. Nelson",
     title = "Properties of a one-parameter family of bivariate distributions with specified marginals",
     journal = "Communications in {S}tatistics, {P}art {A}",
     year = "1986",
     volume = "153",
     pages = "3277--3285"
     }
@book{nelson:1999,
     author = "R.B. Nelson",
     title = "An {I}ntroduction to {C}opulas",
     publisher = "Springer",
     year = "1999"
     }
@article{roy:roy:dey:2013,
     author = "D. Roy and V. Roy and D. Dey",
     title = "Analysis of survival data with a cure fraction under generalized extreme value distribution",
     year = "2013",
     journal = "Tech. {R}eport 49, {D}epartment of {S}tatistics, {U}niversity of {C}onnecticut"
     }
@article{geyer:1994,
	 author = "C.J. Geyer",
	 title = "Estimating {N}ormalizing {C}onstants and reweighting {M}ixtures in {M}arkov {C}hain {M}onte {C}arlo",
	 journal = "Technical {R}eport, {S}chool of {S}tatistics, {U}niversity of {M}innesota ",
	 year = "1994"
	 }
@article{doss:2010,
	 author = "H. Doss",
	 title = "Estimation of {L}arge {F}amilies of {B}ayes {F}actors from {M}arkov {C}hains output",
	 journal = "Statistica {S}inica",
	 year = "2010",
	 volume = "20",
	 pages = "537 --560 "
	 }
@article{oakes:1982,
	 author = "D. Oakes",
	 title = "A model for association in bivariate survival data",
	 journal = "Journal of {R}oyal {S}tatistical {S}ociety {B}",
	 year = "1982",
	 volume = "44",
	 pages = "414--428"
	 }
@article{oakes:1986,
	 author = "D. Oakes",
	 title = "Semiparametric inference in a model for association in bivariate survival data",
	 journal = "Biometrika",
	 year = "1986",
	 volume = "73",
	 pages = "353--361"
	 }
@article{genest:1993,
	 author = "C. Genest and L.P. Rivest",
	 title = "Statistical {I}nference {P}rocedures for {B}ivariate {A}rchimedean {C}opulas",
	 journal = "{J}ournal of the {A}merican {S}tatistical {A}ssociation",
	 year = "1993",
	 volume = "88",
	 pages = "1034 -- 1043"
	 }
@article{romeo:tanaka:2006,
	 author = "J. Romeo and N. Tanaka",
	 title = "{B}ivariate survival modeling: a {B}ayesian approach based on copulas",
	 journal = "Lifetime {D}ata {A}nalysis",
	 year = "2006",
	 volume = "12",
	 pages = "205 -- 222"
	 }
@article{wang:wells:2000,
	 author = "W. Wang and M. Wells",
	 title = "Model {S}election and {S}emiparametric {I}nference for {B}ivariate {F}ailure-{T}ime {D}ata",
	 journal = "{J}ournal of the {A}merican {S}tatistical {A}ssociation",
	 year = "2000",
	 volume = "95",
	 pages = " 62-- 72"
	 }
@article{shem:youn:2000,
	 author = "A. Shemyakin and H. Youn",
	 title = "Bayesian {E}stimation of {J}oint {S}urvival {F}unctions in {L}ife {I}nsurance",
	 journal = "{ISBA} {P}roceedings ",
	 year = "2000",
	 pages = " 463-- 471"
	 }
@article{chen:2012,
	 author = "Z. Chen and D. Oakes and O. Hyrien",
	 title = "A {F}lexible {C}opula {M}odel for {B}ivariate {S}urvival {D}ata",
	 journal = "Dissertation {T}hesis, {D}epartment of {B}iostatistics and {C}omputational {B}iology, {S}chool of {M}edicine and {D}entistry, {U}niversity of {R}ochester",
	 year = "2012",
	 pages = "30--31"
	 }